@article{tl1,
	title={Tìm kiếm theo chiều rộng},
	author={Wikipedia},
	year={2023},
	url={https://vi.wikipedia.org/wiki/T%C3%ACm_ki%E1%BA%BFm_theo_chi%E1%BB%81u_r%E1%BB%99ng}
}

@article{tl2,
	title={Tìm kiếm theo chiều sâu},
	author={Wikipedia},
	year={2023},
	url={https://vi.wikipedia.org/wiki/T%C3%ACm_ki%E1%BA%BFm_theo_chi%E1%BB%81u_s%C3%A2u}
}

